<?xml version="1.0" encoding="UTF-8"?><record xmlns="http://www.loc.gov/MARC21/slim" xmlns:cinclude="http://apache.org/cocoon/include/1.0" xmlns:zs="http://www.loc.gov/zing/srw/">
  <leader>00469cz  a2200133n  4500</leader>
  <controlfield tag="001">n  86008244 </controlfield>
  <controlfield tag="003">DLC</controlfield>
  <controlfield tag="005">20080321075113.0</controlfield>
  <controlfield tag="008">870810n| acannaabn          |n aaa      </controlfield>
  <datafield tag="010" ind1=" " ind2=" ">
    <subfield code="a">n  86008244 </subfield>
  </datafield>
  <datafield tag="035" ind1=" " ind2=" ">
    <subfield code="a">(OCoLC)oca01914592</subfield>
  </datafield>
  <datafield tag="040" ind1=" " ind2=" ">
    <subfield code="a">DLC</subfield>
    <subfield code="b">eng</subfield>
    <subfield code="c">DLC</subfield>
    <subfield code="d">DLC</subfield>
    <subfield code="d">OCoLC</subfield>
  </datafield>
  <datafield tag="100" ind1="1" ind2=" ">
    <subfield code="a">Sürür, Ayten</subfield>
  </datafield>
  <datafield tag="670" ind1=" " ind2=" ">
    <subfield code="a">Her Ege bölgesi kadın kıyafetleri, 1983:</subfield>
    <subfield code="b">t.p. (Dr. Ayten Sürür, Dokuz Eylül Universitesi Güzel Sanatlar Fakültesi Tekstil Tasanmı ögretim üyesi)</subfield>
  </datafield>
</record>